<?xml version="1.0" encoding="UTF-8"?><collection xmlns="http://www.loc.gov/MARC21/slim"><record><leader>00658nam--2200205-u-4500</leader><controlfield tag="001">000053078</controlfield><controlfield tag="002">20161230</controlfield><controlfield tag="005">20161230201050</controlfield><controlfield tag="008">110105s1000------------r-----000-0-eng-d</controlfield><datafield ind1=" " ind2=" " tag="020"><subfield code="a">9780471669852</subfield></datafield><datafield ind1=" " ind2=" " tag="040"><subfield code="a">IFIN-HH</subfield></datafield><datafield ind1=" " ind2=" " tag="080"><subfield code="a">669.018.58:621.372.2</subfield></datafield><datafield ind1="1" ind2=" " tag="100"><subfield code="a">Caloz, Christophe</subfield></datafield><datafield ind1="1" ind2="0" tag="245"><subfield code="a">Electromagnetic metamaterials: transmission line theory and microwave applications</subfield><subfield code="b">The engineering approach</subfield><subfield code="c">Christophe caloz; tatsuo itoh</subfield></datafield><datafield ind1=" " ind2=" " tag="260"><subfield code="a">Hoboken, New Jersey</subfield><subfield code="b">John Wiley &amp; Sons, Inc</subfield><subfield code="c">2006</subfield></datafield><datafield ind1=" " ind2=" " tag="300"><subfield code="a">352P</subfield></datafield><datafield ind1=" " ind2="4" tag="650"><subfield code="a">Microwave Transmission Lines</subfield></datafield><datafield ind1="1" ind2=" " tag="700"><subfield code="a">Itoh, Tatsou</subfield></datafield><datafield ind1=" " ind2=" " tag="852"><subfield code="a">82211</subfield><subfield code="c">001.2</subfield></datafield><datafield ind1=" " ind2=" " tag="CAT"><subfield code="a">Sys</subfield><subfield code="c">20110105</subfield><subfield code="h">100023</subfield></datafield></record></collection>